{
  "leader": "02881cam a2200421Ii 4500",
  "fields": [
    {
      "001": "ocm00411247\\"
    },
    {
      "003": "OCoLC"
    },
    {
      "005": "20220104094353.0"
    },
    {
      "008": "720920s1964\\\\\\\\njuabc\\\\\\b\\\\\\\\000\\0\\eng\\\\"
    },
    {
      "007": "ta"
    },
    {
      "010": {
        "ind1": "\\",
        "ind2": "\\",
        "subfields": [
          {
            "a": "   63023417 "
          }
        ]
      }
    },
    {
      "040": {
        "ind1": "\\",
        "ind2": "\\",
        "subfields": [
          {
            "a": "DLC"
          },
          {
            "b": "eng"
          },
          {
            "c": "WSU"
          },
          {
            "d": "SER"
          },
          {
            "d": "WY@"
          },
          {
            "d": "HEBIS"
          },
          {
            "d": "TUU"
          },
          {
            "d": "ZWZ"
          },
          {
            "d": "OCLCO"
          },
          {
            "d": "GBVCP"
          },
          {
            "d": "OCLCF"
          },
          {
            "d": "OCLCQ"
          },
          {
            "d": "OCL"
          },
          {
            "d": "BTCTA"
          },
          {
            "d": "UKMGB"
          },
          {
            "d": "OCL"
          },
          {
            "d": "OCLCQ"
          },
          {
            "d": "NLC"
          },
          {
            "d": "OCLCO"
          },
          {
            "d": "DOS"
          },
          {
            "d": "OCLCO"
          },
          {
            "d": "OCLCQ"
          },
          {
            "d": "KFH"
          },
          {
            "d": "SNN"
          },
          {
            "d": "OCLCQ"
          },
          {
            "d": "OCLCO"
          },
          {
            "d": "CPS"
          },
          {
            "d": "OCLCQ"
          },
          {
            "d": "OCLCO"
          },
          {
            "d": "BGU"
          },
          {
            "d": "OCLCO"
          },
          {
            "d": "XFF"
          },
          {
            "d": "OCLCQ"
          },
          {
            "d": "OCLCO"
          },
          {
            "d": "OCLCQ"
          },
          {
            "d": "HUELT"
          },
          {
            "d": "OCLCO"
          },
          {
            "d": "UWW"
          },
          {
            "d": "OCLCQ"
          },
          {
            "d": "OCLCO"
          },
          {
            "d": "OCLCA"
          },
          {
            "d": "NNM"
          },
          {
            "d": "OCL"
          },
          {
            "d": "OCLCO"
          },
          {
            "d": "VSI"
          },
          {
            "d": "ZQC"
          },
          {
            "d": "IL4J6"
          },
          {
            "d": "OCLCO"
          },
          {
            "d": "ZD0"
          },
          {
            "d": "OCLCO"
          }
        ]
      }
    },
    {
      "016": {
        "ind1": "\\",
        "ind2": "\\",
        "subfields": [
          {
            "a": "(AMICUS)000004301313"
          }
        ]
      }
    },
    {
      "016": {
        "ind1": "7",
        "ind2": "\\",
        "subfields": [
          {
            "a": "003907957"
          },
          {
            "2": "Uk"
          }
        ]
      }
    },
    {
      "019": {
        "ind1": "\\",
        "ind2": "\\",
        "subfields": [
          {
            "a": "504111068"
          },
          {
            "a": "776652529"
          },
          {
            "a": "1086966648"
          },
          {
            "a": "1201000369"
          },
          {
            "a": "1201580387"
          },
          {
            "a": "1201581539"
          },
          {
            "a": "1201823117"
          },
          {
            "a": "1201893474"
          },
          {
            "a": "1201975764"
          },
          {
            "a": "1201975915"
          },
          {
            "a": "1202007198"
          },
          {
            "a": "1202007572"
          },
          {
            "a": "1202015549"
          },
          {
            "a": "1202023287"
          },
          {
            "a": "1270572180"
          },
          {
            "a": "1271229159"
          },
          {
            "a": "1277097340"
          }
        ]
      }
    },
    {
      "024": {
        "ind1": "7",
        "ind2": "\\",
        "subfields": [
          {
            "a": "http://catalogue.bnf.fr/ark:/12148/cb33222617d"
          },
          {
            "2": "uri"
          }
        ]
      }
    },
    {
      "035": {
        "ind1": "\\",
        "ind2": "\\",
        "subfields": [
          {
            "a": "(OCoLC)411247"
          },
          {
            "z": "(OCoLC)504111068"
          },
          {
            "z": "(OCoLC)776652529"
          },
          {
            "z": "(OCoLC)1086966648"
          },
          {
            "z": "(OCoLC)1201000369"
          },
          {
            "z": "(OCoLC)1201580387"
          },
          {
            "z": "(OCoLC)1201581539"
          },
          {
            "z": "(OCoLC)1201823117"
          },
          {
            "z": "(OCoLC)1201893474"
          },
          {
            "z": "(OCoLC)1201975764"
          },
          {
            "z": "(OCoLC)1201975915"
          },
          {
            "z": "(OCoLC)1202007198"
          },
          {
            "z": "(OCoLC)1202007572"
          },
          {
            "z": "(OCoLC)1202015549"
          },
          {
            "z": "(OCoLC)1202023287"
          },
          {
            "z": "(OCoLC)1270572180"
          },
          {
            "z": "(OCoLC)1271229159"
          },
          {
            "z": "(OCoLC)1277097340"
          }
        ]
      }
    },
    {
      "050": {
        "ind1": "0",
        "ind2": "0",
        "subfields": [
          {
            "a": "DS517.13"
          },
          {
            "b": ".W5"
          }
        ]
      }
    },
    {
      "055": {
        "ind1": "\\",
        "ind2": "1",
        "subfields": [
          {
            "a": "DS517.13.W5"
          }
        ]
      }
    },
    {
      "072": {
        "ind1": "\\",
        "ind2": "7",
        "subfields": [
          {
            "a": "ht"
          },
          {
            "2": "rero"
          }
        ]
      }
    },
    {
      "080": {
        "ind1": "\\",
        "ind2": "\\",
        "subfields": [
          {
            "a": "327(47:52)\"1904/1905\""
          }
        ]
      }
    },
    {
      "082": {
        "ind1": "0",
        "ind2": "4",
        "subfields": [
          {
            "a": "952.031"
          },
          {
            "b": "WHI"
          }
        ]
      }
    },
    {
      "100": {
        "ind1": "1",
        "ind2": "\\",
        "subfields": [
          {
            "a": "White, John Albert."
          }
        ]
      }
    },
    {
      "245": {
        "ind1": "1",
        "ind2": "4",
        "subfields": [
          {
            "a": "The diplomacy of the Russo-Japanese War /"
          },
          {
            "c": "John Albert White."
          }
        ]
      }
    },
    {
      "260": {
        "ind1": "\\",
        "ind2": "\\",
        "subfields": [
          {
            "a": "Princeton, N.J.,"
          },
          {
            "b": "Princeton University Press,"
          },
          {
            "c": "1964."
          }
        ]
      }
    },
    {
      "300": {
        "ind1": "\\",
        "ind2": "\\",
        "subfields": [
          {
            "a": "xi, 410 pages :"
          },
          {
            "b": "illustrations, maps, portraits ;"
          },
          {
            "c": "25 cm"
          }
        ]
      }
    },
    {
      "336": {
        "ind1": "\\",
        "ind2": "\\",
        "subfields": [
          {
            "a": "text"
          },
          {
            "b": "txt"
          },
          {
            "2": "rdacontent"
          }
        ]
      }
    },
    {
      "337": {
        "ind1": "\\",
        "ind2": "\\",
        "subfields": [
          {
            "a": "unmediated"
          },
          {
            "b": "n"
          },
          {
            "2": "rdamedia"
          }
        ]
      }
    },
    {
      "338": {
        "ind1": "\\",
        "ind2": "\\",
        "subfields": [
          {
            "a": "volume"
          },
          {
            "b": "nc"
          },
          {
            "2": "rdacarrier"
          }
        ]
      }
    },
    {
      "504": {
        "ind1": "\\",
        "ind2": "\\",
        "subfields": [
          {
            "a": "Includes bibliographical references (pages 379-403)."
          }
        ]
      }
    },
    {
      "505": {
        "ind1": "0",
        "ind2": "\\",
        "subfields": [
          {
            "a": "Prewar diplomacy -- China and the balance of power -- Witte's Manchurian empire -- The opposition to Witte -- Russia's \"new course\" -- The isolation of Russia -- The opening of the final negotiations -- Peace comes to an end -- War and diplomacy -- A decisive military thrust -- Japan's wartime diplomacy -- Russia's European flank -- An impending deadlock -- A return to diplomacy -- The Portsmouth conference and a new balance of power -- Mediation and the conference -- The peace campaign -- The spoils of war -- The crisis: Sakhalin and indemnity -- \"Balanced antagonisms\" in action -- China and the new balance of power."
          }
        ]
      }
    },
    {
      "650": {
        "ind1": "\\",
        "ind2": "0",
        "subfields": [
          {
            "a": "Russo-Japanese War, 1904-1905."
          }
        ]
      }
    },
    {
      "647": {
        "ind1": "\\",
        "ind2": "7",
        "subfields": [
          {
            "a": "Russo-Japanese War"
          },
          {
            "d": "(1904-1905)"
          },
          {
            "2": "fast"
          },
          {
            "0": "(OCoLC)fst01102485"
          }
        ]
      }
    },
    {
      "648": {
        "ind1": "\\",
        "ind2": "7",
        "subfields": [
          {
            "a": "1904-1905"
          },
          {
            "2": "fast"
          }
        ]
      }
    },
    {
      "776": {
        "ind1": "0",
        "ind2": "8",
        "subfields": [
          {
            "i": "Online version:"
          },
          {
            "a": "White, John Albert."
          },
          {
            "t": "Diplomacy of the Russo-Japanese War."
          },
          {
            "d": "Princeton, N.J., Princeton University Press, 1964"
          },
          {
            "w": "(OCoLC)652270739"
          }
        ]
      }
    },
    {
      "994": {
        "ind1": "\\",
        "ind2": "\\",
        "subfields": [
          {
            "a": "Z0"
          },
          {
            "b": "NYRVC"
          }
        ]
      }
    },
    {
      "948": {
        "ind1": "\\",
        "ind2": "\\",
        "subfields": [
          {
            "h": "NO HOLDINGS IN NYRVC - 819 OTHER HOLDINGS"
          }
        ]
      }
    },
    {
      "999": {
        "ind1": "\\",
        "ind2": "\\",
        "subfields": [
          {
            "a": "00000000014137"
          }
        ]
      }
    }
  ]
}